% a
% b


@book{barocas2023fairness,
	title={Fairness and machine learning: Limitations and opportunities},
	author={Barocas, Solon and Hardt, Moritz and Narayanan, Arvind},
	year={2023},
	publisher={MIT press}
}


% c
% d
% e
% f
% g

@book{geron2022hands,
	title={Hands-on machine learning with Scikit-Learn, Keras, and TensorFlow},
	author={G{\'e}ron, Aur{\'e}lien},
	year={2022},
	publisher={" O'Reilly Media, Inc."}
}

% h

@article{harvard2017loomis,
	title = {State v. Loomis: Wisconsin Supreme Court Requires Warning Before Use of Algorithmic Risk Assessments in Sentencing},
	author = {{Harvard Law Review}},
	journal = {Harvard Law Review},
	volume = {130},
	number = {5},
	pages = {1530--1537},
	year = {2017},
	url = {https://harvardlawreview.org/print/vol-130/state-v-loomis/}
}


% i

@article{ioffe2015batch,
	title={Batch normalization: Accelerating deep network training by reducing internal covariate shift},
	author={Ioffe, Sergey},
	journal={arXiv preprint arXiv:1502.03167},
	year={2015}
}

% j

@book{james2013introduction,
	title={An introduction to statistical learning},
	author={James, Gareth and Witten, Daniela and Hastie, Trevor and Tibshirani, Robert and others},
	volume={112},
	year={2013},
	publisher={Springer}
}

@inproceedings{joshi2019performance,
	title={Performance of Different Optimizers for Traffic Sign Classification},
	author={Joshi, Ishita and Desai, Milauni and Bookseller, Sannidhi and Mohod, Rucha and Paunwala, Chirag N and Vaidya, Bhaumik},
	booktitle={2019 10th International Conference on Computing, Communication and Networking Technologies (ICCCNT)},
	pages={1--7},
	year={2019},
	organization={IEEE}
}

% k
% l

@article{larson2016compas,
	title = {How We Analyzed the COMPAS Recidivism Algorithm},
	author = {Jeff Larson and Surya Mattu and Lauren Kirchner and Julia Angwin},
	journal = {ProPublica},
	year = {2016},
	url = {https://www.propublica.org/article/how-we-analyzed-the-compas-recidivism-algorithm}
}

% m
% n
% o
% p

@article{penny2008mathematics,
	title={Mathematics for Brain Imaging},
	author={Penny, Will},
	year={2008}
}

% q
% r
% s

@article{shlens2014tutorial,
	title={A tutorial on principal component analysis},
	author={Shlens, Jonathon},
	journal={arXiv preprint arXiv:1404.1100},
	year={2014}
}

% t
% u
% v
% w

@misc{wikipediaCOMPAS,
	title = {COMPAS (software)},
	author = {Wikipedia contributors},
	journal = {Wikipedia, The Free Encyclopedia},
	year = {2025},
	url = {https://en.wikipedia.org/wiki/COMPAS_(software)},
	note = {Accessed: 30-Jan-2025}
}


@article{wu2017introduction,
	title={Introduction to convolutional neural networks},
	author={Wu, Jianxin},
	journal={National Key Lab for Novel Software Technology. Nanjing University. China},
	volume={5},
	number={23},
	pages={495},
	year={2017}
}

% x
% y
% z

@inproceedings{zhang2011momentum,
	title={Momentum algorithms in neural networks and the applications in numerical algebra},
	author={Zhang, Naimin},
	booktitle={2011 2nd International Conference on Artificial Intelligence, Management Science and Electronic Commerce (AIMSEC)},
	pages={2192--2195},
	year={2011},
	organization={IEEE}
}
